 @inproceedings{Ghasemabadi_PMBOK_2011,
  author    = {Ahmadzadeh Ghasemabadi, M. and Gorji Ashtiani, M. and Mohammadipour, F.},
  title     = {PMBOK five process plan for ISMS project implementation considering cost optimization for a time constraint: A case study},
  journal   = {2011 2nd IEEE International Conference on Emergency Management and Management Sciences},
  publisher = {IEEE},
  pages     = {788–791},
  year      = {2011}
}
 @article{Gonçalves_Pereira_2012,
  author = {GonÇalves, Rafael Q and Pereira, André M},
  title  = {Supporting Time Planning Aligned with CMMI-DEV and PMBOK},
  year   = {2012}
}
 @article{Marcelino_Analysis_2022,
  author  = {Marcelino, Etiane and Domingues, Luísa},
  title   = {An analysis of how well serious games cover the PMBOK},
  journal = {Procedia Computer Science},
  volume  = {196},
  pages   = {1013–1020},
  year    = {2022}
}
@book{Project_Management_Institute_PMBOK_2017,
  title     = {A Guide to the Project Management Body of Knowledge (PMBOK® Guide)},
  author    = {Project Management Institute},
  year      = {2017},
  edition   = {6th},
  publisher = {Project Management Institute},
  location  = {Newton Square, PA}
}
 @article{Sepasgozar_Delay_2019,
  author  = {Sepasgozar, Samad M. E. and Karimi, Reyhaneh and Shirowzhan, Sara and Mojtahedi, Mohammad and Ebrahimzadeh, Sabbar and McCarthy, David},
  title   = {Delay Causes and Emerging Digital Tools: A Novel Model of Delay Analysis, Including Integrated Project Delivery and PMBOK},
  journal = {Buildings},
  volume  = {9},
  number  = {9},
  pages   = {191},
  year    = {2019}
}
