 @inproceedings{Ghasemabadi_PMBOK_2011,
  author    = {Ahmadzadeh Ghasemabadi, M. and Gorji Ashtiani, M. and Mohammadipour, F.},
  title     = {PMBOK five process plan for ISMS project implementation considering cost optimization for a time constraint: A case study},
  journal   = {2011 2nd IEEE International Conference on Emergency Management and Management Sciences},
  publisher = {IEEE},
  pages     = {788–791},
  year      = {2011}
}
 @article{Gonçalves_Pereira_2012,
  author = {GonÇalves, Rafael Q and Pereira, André M},
  title  = {Supporting Time Planning Aligned with CMMI-DEV and PMBOK},
  year   = {2012}
}
 @article{Kabrane_Krit_Maimouni_2018,
  author  = {Kabrane, Mustapha and Krit, Salah-ddine and Maimouni, Lahoucine El},
  title   = {Smart Cities: Study and Comparison of Traffic Light Optimization in Modern Urban Areas Using Artificial Intelligence},
  journal = {International Journal of Advanced Research in Computer Science and Software Engineering},
  volume  = {8},
  number  = {2},
  pages   = {10},
  year    = {2018}
}
@article{Li_Chen_Yuan_Liu_Zhao_Yang_Liu_2021,
  author  = {Li, Yaochen and Chen, Yuting and Yuan, Sheng and Liu, Jingle and Zhao, Xi and Yang, Yang and Liu, Yuehu},
  title   = {Vehicle detection from road image sequences for intelligent traffic scheduling},
  journal = {Computers and Electrical Engineering},
  volume  = {95},
  pages   = {107406},
  year    = {2021}
}
 @article{Marcelino_Analysis_2022,
  author  = {Marcelino, Etiane and Domingues, Luísa},
  title   = {An analysis of how well serious games cover the PMBOK},
  journal = {Procedia Computer Science},
  volume  = {196},
  pages   = {1013–1020},
  year    = {2022}
}
 @book{Project_Management_Institute_PMBOK_2017,
  title     = {A Guide to the Project Management Body of Knowledge (PMBOK® Guide)},
  author    = {Project Management Institute},
  year      = {2017},
  edition   = {6th},
  publisher = {Project Management Institute},
  location  = {Newton Square, PA}
}
 @article{Sá_2024,
  author  = {Dos Santos Sá, Joiner and Do Nascimento Da Silva, Edinho and Nunes Gonçalves, Leonardo and Mateus Machado Cardoso, Caio and Antloga Do Nascimento, Andréia and Protásio Dos Santos Cavalcante, Gervásio and Emília De Lima Tostes, Maria and Priscyla Leite De Araújo, Jasmine and José Brito Barros, Fabricio and De Souza Farias, Fabricio},
  title   = {Multimodal urban mobility solutions for a smart campus using artificial neural networks for route determination and an algorithm for arrival time prediction},
  journal = {Engineering Applications of Artificial Intelligence},
  volume  = {137},
  pages   = {109074},
  year    = {2024}
}
 @article{Salaymeh_2021,
  author = {Salaymeh, Areej},
  title  = {MACHINE LEARNING TECHNIQUES FOR AUTOMATED TRAFFIC SIGNAL DETECTION AND TIMING},
  year   = {2021}
}
 @article{Sepasgozar_Delay_2019,
  author  = {Sepasgozar, Samad M. E. and Karimi, Reyhaneh and Shirowzhan, Sara and Mojtahedi, Mohammad and Ebrahimzadeh, Sabbar and McCarthy, David},
  title   = {Delay Causes and Emerging Digital Tools: A Novel Model of Delay Analysis, Including Integrated Project Delivery and PMBOK},
  journal = {Buildings},
  volume  = {9},
  number  = {9},
  pages   = {191},
  year    = {2019}
}
 @article{Ubaid_Saba_Draz_Rehman_Ghani_Kolivand_2022,
  author  = {Ubaid, Muhammad Talha and Saba, Tanzila and Draz, Hafiz Umer and Rehman, Amjad and Ghani, Muhammad Usman and Kolivand, Hoshang},
  title   = {Intelligent Traffic Signal Automation Based on Computer Vision Techniques Using Deep Learning},
  journal = {IT Professional},
  volume  = {24},
  number  = {1},
  pages   = {27–33},
  year    = {2022}
}
